@article{kunke2021evaluation,
  title={Evaluation of Account Recovery Strategies with FIDO2-based Passwordless Authentication},
  author={Kunke, Johannes and Wiefling, Stephan and Ullmann, Markus and Iacono, Luigi Lo},
  journal={arXiv preprint arXiv:2105.12477},
  year={2021}
}
@inproceedings{morii2017research,
  title={Research on integrated authentication using passwordless authentication method},
  author={Morii, Michitomo and Tanioka, Hiroki and Ohira, Kenji and Sano, Masahiko and Seki, Yosuke and Matsuura, Kenji and Ueta, Tetsushi},
  booktitle={2017 IEEE 41st Annual Computer Software and Applications Conference (COMPSAC)},
  volume={1},
  pages={682--685},
  year={2017},
  organization={IEEE}
}
@inproceedings{alqubaisi2020should,
  title={Should We Rush to Implement Password-less Single Factor FIDO2 based Authentication?},
  author={Alqubaisi, Fatima and Wazan, Ahmad Samer and Ahmad, Liza and Chadwick, David W},
  booktitle={2020 12th Annual Undergraduate Research Conference on Applied Computing (URC)},
  pages={1--6},
  year={2020},
  organization={IEEE}
}
@report{verizon2017dbir, 
	title={Data Breach Investigations Report},
	institution={Verizon},
	year={2017}
}
@report{googleharris2019poll,
	title={Online Security Survey},
	institution={Google and Harris},
	month={February},
	year = {2019}
}
@techreport{fbi2020icr,
	title={Internet Crime Report 2020},
	institution={FBI Internet Crime Complaint Center},
	year={2020}
}
